@misc{lamas,
    author = "Holger Schielzeth",
    title = "Robustness of linear mixed-effects models to violations of distributional assumptions", 
    year = "2020",
    url = "https://besjournals.onlinelibrary.wiley.com/doi/epdf/10.1111/2041-210X.13434"
}

@misc{cours,
    author = "Joseph Salmon",
    title = "Modèle linéaire avancé : Anova",
    year = "2019",
    url = "http://josephsalmon.eu/enseignement/Montpellier/HMMA307/Anova.pdf",
} 